@IEEEtranBSTCTL{bstctl:etal,
  CTLuse_forced_etal = {no},
  CTLmax_names_forced_etal = {3},
}

@IEEEtranBSTCTL{bstctl:nodash,
  CTLdash_repeated_names = {no},
}

@IEEEtranBSTCTL{bstctl:simpurl,
  CTLname_url_prefix = {Available: },
}

@book{lamport94,
    author    = "Leslie Lamport",
    title     = "{\LaTeX: A Document Preparation System}",
    year      = "1994",
    publisher = "Addison-Wesley",
    edition = "2nd",
    address   = "Reading, Massachusetts"
}

@article{baseDeltaImm,
  Author = {G. Pekhimenko, V. Seshadri, O. Mutlu, M. Kozuch, P. Gibbons, T. Mowry},
  Title = {Base-Delta-Immediate Compression: Practical Data Compression for On-Chip Caches},
  Journal = {PACT},
  Year = {2012}
}

@article{structLayoutHints,
  Author = {T.M. Chilimbi, M.D.Hill, and J. R.Larus},
  Title = {Cache-conscious structure layout.},
  Journal = {PLDI},
  Year = {1999}
}

@article{structLayoutAllocHints,
  Author = {B. Calder, K. Chandra, S. John, and T. Austin},
  Title = {Cache-conscious data placement.},
  Journal = {Proc. ASPLOS-VIII},
  Year = {1998}
}

@article{autoPoolAlloc,
  Author = {Chris Lattner and Vikram Adve},
  Title = {Automatic Pool Allocation: Improving Performance by Controlling Data Structure Layout in the Heap.},
  Journal = {PLDI},
  Year = {2005}
}

@article{runtimeSplit,
  Author = {Z. Wang, C. Wu, PC. Yew, J. Li, D. Xu},
  Title = {On-the-Fly Structure Splitting for Heap Objects},
  Journal = {ACM},
  Year = {2012}
}

@article{forma,
  Author = {P. Zhao, S. Cui, Y. Gao, R. Silvera, J. Amaral},
  Title = {Forma: A Framework for Safe Automatic Array Reshaping},
  Journal = {ACM},
  Year = {2007}
}

@article{mpads,
  Author = {S. Curial, P. Zhao, J. Amaral, Y. Gao, S. Cui, R. Silvera, R. Archambault},
  Title = {On-the-Fly Structure Splitting for Heap Objects},
  Journal = {ISMM},
  Year = {2008}
}





